@article{DAE45930,
	author = {Merten, Martina},
	title = {{Medizinische Dokumentation: Sinnvolles „Basiswerkzeug“}},
	journal = {Deutsches Ärzteblatt international},
	volume = {102},
	number = {11},
	pages = {A-726-},
	year = {2005},
	URL = {https://www.aerzteblatt.de/int/article.asp?id=45930},
	eprint = {https://www.aerzteblatt.de/pdf.asp?id=45930}
}

@article{Kaduszkiewicz.2017,
	author = {Kaduszkiewicz, Hanna and Bochon, Benjamin and {van den Bussche}, Hendrik and Hansmann-Wiest, Julia and {van der Leeden}, Carolin},
	year = {2017},
	title = {The Medical Treatment of Homeless People},
	pages = {673--679},
	volume = {114},
	number = {40},
	journal = {Deutsches Ärzteblatt international},
	doi = {10.3238/arztebl.2017.0673}
}

@misc{BAGWohnungslosenhilfe.2021,
	author = {{BAG Wohnungslosenhilfe}},
	year = {2021},
	title = {Steigende Zahl Wohnungsloser im Wohnungslosensektor, Wohnungslosigkeit anerkannter Geflüchteter sinkt},
	date = {21.12.2021},
	note = {[Pressemitteilung]},
	url = {https://www.bagw.de/fileadmin/bagw/media/Doc/PRM/PRM_2021_12_21_BAGW_Schaetzung.pdf},
	urldate = {26.02.2023},
}

@online{CABL,
	author = {{Clearingstelle und Anonymer Behandlungsschein e.V.}},
	year = {2022},
	date = {26.02.2023},
	url = {https://cab-leipzig.de/wp/presse-2/},
	note = {aufgerufen am 26.02.2023}
}

@article{Silvestre.2017,
	author = {Silvestre, Carina Carvalho and Santos, Lincoln Marques Cavalcante and de Oliveira-Filho, Alfredo Dias and de Lyra, Divaldo Pereira},
	year = {2017},
	title = {'What is not written does not exist': the importance of proper documentation of medication use history},
	pages = {985--988},
	volume = {39},
	number = {5},
	journal = {International journal of clinical pharmacy},
	doi = {10.1007/s11096-017-0519-2},
	file = {Silvestre, Santos et al. 2017 - 'What is not written does:Attachments/Silvestre, Santos et al. 2017 - 'What is not written does.pdf:application/pdf}
}

@misc{Zanders.2022,
	author = {Zanders, Theresa and Bein, Laura Eleana},
	date = {2022},
	title = {Der anonyme Behandlungsschein -- von der Idee zur Umsetzung. Ein Handlungsleitfaden},
	publisher = {{Bauhaus-Universit{\"a}t Weimar}},
	doi = {10.25643/BAUHAUS-UNIVERSITAET.4716},
	file = {Zanders, Bein 2022 - Der anonyme Behandlungsschein:Attachments/Zanders, Bein 2022 - Der anonyme Behandlungsschein.pdf:application/pdf}
}

@article{DAE228829,
	author = {Bertram, Franziska and Hajek, André and Dost, Katharina and Graf, Wiebke and Brennecke, Anna and Kowalski, Veronika and van Rüth, Victoria and König, Hans-Helmut and Wulff, Birgit and Ondruschka, Benjamin and Püschel, Klaus and Heinrich, Fabian},
	title = {{Psychische und somatische Gesundheit von wohnungslosen Menschen}},
	journal = {Dtsch Arztebl International},
	volume = {119},
	number = {50},
	pages = {861-868},
	doi = {10.3238/arztebl.m2022.0357},
	year = {2022},
}
